<?xml version="1.0" encoding="UTF-8"?><record xmlns="http://www.loc.gov/MARC21/slim" xmlns:cinclude="http://apache.org/cocoon/include/1.0" xmlns:zs="http://www.loc.gov/zing/srw/">
  <leader>00436nz  a2200133n  4500</leader>
  <controlfield tag="001">no2006080383</controlfield>
  <controlfield tag="003">DLC</controlfield>
  <controlfield tag="005">20060803052239.0</controlfield>
  <controlfield tag="008">060802n| acannaabn          |n aaa     c</controlfield>
  <datafield tag="010" ind1=" " ind2=" ">
    <subfield code="a">no2006080383</subfield>
  </datafield>
  <datafield tag="035" ind1=" " ind2=" ">
    <subfield code="a">(OCoLC)oca07012099</subfield>
  </datafield>
  <datafield tag="040" ind1=" " ind2=" ">
    <subfield code="a">IEN</subfield>
    <subfield code="b">eng</subfield>
    <subfield code="c">IEN</subfield>
  </datafield>
  <datafield tag="100" ind1="1" ind2=" ">
    <subfield code="a">Wood, Fremont</subfield>
  </datafield>
  <datafield tag="670" ind1=" " ind2=" ">
    <subfield code="a">The introductory chapter to the history of the trials of Moyer, Haywood, and Pettibone, and Harry Orchard, 1931:</subfield>
    <subfield code="b">t.p. (Fremont Wood, trial judge)</subfield>
  </datafield>
</record>